1893 3467
187 196 250 247 72
556 175 1330 241 AV.SEXVS.

951 312 1002 391 ς.
1043 318 1096 372 6.

190 454 387 518 Larua
423 468 698 534 pupaque
726 447 947 531 absque
972 448 1330 529 genitalibus
1357 446 1592 533 semper
1616 446 1842 513 steriles

362 542 676 613 nutriunt,
722 533 1071 598 custodiunt
1104 542 1433 619 imaginem
1465 539 1749 601 latentem
1773 543 1841 599 in

353 628 733 706 vegetiorem
759 630 1031 684 aetatem.

190 711 386 772 Larua
415 714 663 790 proprio
690 708 829 768 cibo
858 715 1051 770 vorax
1081 713 1269 770 nutrit
1295 713 1624 789 imagin-em
1647 710 1842 770 inclu-

357 795 476 856 sam
507 815 696 876 vsque
727 793 798 854 ad
824 793 1302 857 adolescentiam.

192 882 353 966 Pupa
388 880 616 963 saepius
647 878 959 961 quiescens
979 930 996 958 ,
1043 888 1325 947 corticata
1357 880 1608 943 roborat
1630 886 1843 965 imagi-

356 989 499 1029 nem
524 988 715 1048 Vsque
744 965 815 1026 ad
840 969 1200 1029 virilitatem.

192 1054 383 1117 Sexus
421 1059 700 1134 imaginis
737 1059 799 1113 in
835 1054 996 1115 larua
1021 1069 1080 1116 et
1105 1074 1262 1137 pupa
1286 1052 1522 1114 latentis
1552 1054 1843 1135 quodam-

361 1140 552 1203 modo
620 1140 693 1201 ab
738 1141 922 1203 oculo
971 1138 1266 1203 consueto
1317 1140 1730 1221 magnitudine
1785 1155 1846 1205 et

359 1224 614 1288 craffitie
652 1233 910 1308 partium
963 1226 1378 1308 distinguitur,
1433 1246 1622 1305 quum
1672 1227 1845 1292 femi-

354 1333 473 1375 nae
494 1314 851 1397 plerumque
881 1319 1177 1393 maiores,
1221 1308 1550 1375 crassiores.

945 1488 993 1575 ὗ·
1033 1513 1082 1568 7·

192 1631 331 1694 Mas
364 1642 425 1692 et
460 1627 688 1691 femina
715 1627 986 1692 sobolem
1018 1640 1353 1712 propagant
1379 1622 1582 1708 simul,
1626 1650 1743 1692 nec
1770 1628 1843 1692 ab

359 1738 486 1778 ouo
524 1715 655 1777 solo
696 1736 811 1776 nec
853 1737 884 1775 a
927 1721 1203 1799 genitura
1242 1713 1362 1776 sola
1397 1720 1592 1776 oritur
1622 1717 1840 1798 proles.

360 1798 750 1864 Confirmant
776 1802 899 1865 hoc
921 1802 1224 1885 analogia,
1259 1806 1666 1886 experientia,
1707 1823 1843 1865 ana-

358 1894 561 1952 tomia.

189 2007 440 2070 Analogia.
516 2005 760 2056 Animalia
782 1999 1114 2073 perfeffiora,
1158 2008 1279 2057 vitia
1304 2007 1644 2060 haereditaria.

188 2082 519 2148 Experientia.
593 2082 751 2144 ApeS‚
790 2083 1070 2135 Bombyces.

187 2154 461 2206 Anatomia.
536 2151 872 2201 Consideratio
933 2150 1225 2214 diligentior
1274 2153 1438 2201 ouarii
1487 2149 1565 2201 vel
1613 2151 1842 2205 vasorum

461 2221 879 2289 spermaticorum.

187 2333 353 2422 Ergo
393 2338 705 2414 generatio
748 2340 1115 2416 aequiuoca,
1159 2355 1308 2418 ergo
1346 2334 1814 2419 hermaphrodit.

358 2435 419 2481 et
444 2419 802 2503 androgyna
826 2427 893 2484 in
925 2422 1358 2502 Entomologia
1387 2422 1567 2484 nulla.

939 2595 991 2683 ᾗ.
1026 2614 1076 2669 3.

190 2732 436 2818 Corpus
471 2734 835 2798 infestorum
877 2735 1103 2820 duplici
1143 2735 1373 2801 constat
1416 2735 1699 2815 stamine,
1744 2740 1822 2798 in-

354 2826 562 2882 teriori
594 2821 904 2885 medullari
930 2838 990 2884 et
1021 2831 1309 2886 exteriori
1340 2824 1625 2886 corticali.

189 2904 419 2970 Omnia
457 2910 798 2970 animalium
839 2904 1097 2992 corpora
1134 2911 1355 2994 duplici
1384 2912 1506 2972 hoc
1533 2909 1830 2993 principio

360 2991 636 3056 diffindlo
671 3013 1150 3077 componuntur.

187 3074 553 3158 Principium
636 3081 961 3143 medullare
1052 3078 1519 3163 comprehendit
1604 3074 1837 3139 cerebri

352 3164 768 3231 rudimentum
813 3172 1065 3252 eiusque
1102 3168 1642 3252 prolongationeS,
1697 3182 1837 3224 ner-

356 3268 485 3313 VOS.

1605 3331 1836 3397 Princi-
