1893 3467
190 166 332 248 170‘
587 164 1426 235 .X.osscoNoM1A

327 315 511 382 apicem
550 312 831 362 abdominis
870 313 953 363 sub
991 331 1115 381 aqua
1151 318 1399 378 immergit
1437 327 1484 365 et
1505 310 1599 368 oua
1628 317 1873 423 deponit
1882 352 1893 371 η

530 383 697 433 sedens
736 382 990 435 Libellula.
1484 437 1487 445 Δ

325 465 510 530 apicem
560 460 834 526 abdominis
883 465 1062 513 iterum
1105 466 1384 530 iterumque
1417 483 1570 530 aquae
1603 467 1832 516 imbuunt

494 531 612 580 asub
662 532 832 583 volatu
897 546 943 584 et
1005 552 1099 584 oua
1147 536 1400 603 deponunt
1446 539 1660 602 Agrion,
1732 542 1832 587 Ti-

527 603 658 671 pule.

316 682 485 732 aculeo
521 684 703 732 serrato
737 700 894 731 ramos
931 686 1167 734 arborum
1201 686 1425 736 vulnerat
1463 698 1512 736 et
1537 686 1828 736 vulneribus

524 772 675 804 ouum
702 756 954 805 concredit
979 759 1292 809 TenthredO.

319 830 488 883 aculeo
530 832 706 897 caudae
738 831 907 898 spirali
933 833 1016 882 sub
1043 837 1306 885 abdomine
1335 836 1591 887 recondito
1617 853 1827 898 gemmas
1881 886 1888 888 γ

523 907 700 970 pungit
735 912 783 953 'et
817 923 968 953 ouum
1002 909 1217 974 imponit
1251 911 1465 975 CyniPS,
1512 926 1612 975 quo
1658 906 1823 959 Gallae

523 994 690 1027 variae
714 990 961 1029 oriuntur.

311 1055 481 1108 aculeo
519 1055 695 1105 caudae
731 1055 924 1105 exserto
964 1067 1193 1124 pungunt
1230 1066 1421 1123 ouaque
1445 1061 1711 1123 imponunt
1735 1055 1824 1105 lar-

521 1130 610 1177 vis*
660 1129 932 1195 pupisque‚
1007 1146 1129 1194 quae
1190 1146 1351 1197 nuper
1407 1130 1854 1196 metamorphosin.

518 1199 735 1261 subiere,
778 1201 1150 1250 IchneumoneS.

313 1297 408 1330 oua
442 1279 593 1327 laruis
633 1280 873 1344 pupisque
907 1289 1096 1327 tantum
1133 1276 1441 1340 adglutinant
1466 1278 1820 1328 Ichneumones

518 1347 690 1400 aculeo
723 1349 949 1397 destituti.

311 1429 517 1496 pedibus
551 1429 722 1476 anticis
756 1426 954 1476 foueam
994 1426 1148 1487 fodit,
1181 1429 1233 1476 in
1266 1445 1359 1494 qua
1401 1424 1585 1476 laruam
1613 1437 1694 1474 aut
1718 1443 1818 1473 ara·

514 1517 655 1548 neam
691 1497 891 1547 occisam
928 1498 1093 1566 sepelit
1129 1503 1207 1548 cui
1258 1517 1407 1547 ouum
1457 1499 1636 1555 credit,
1684 1498 1820 1546 orifi-

514 1573 644 1620 cium
670 1588 790 1620 vero
818 1583 944 1620 terra
967 1583 1047 1620 aut
1073 1569 1245 1634 argilla
1267 1569 1445 1619 claudit
1480 1571 1656 1635 Sphex.

308 1669 336 1701 e
373 1648 538 1700 fistulis
570 1648 744 1712 ligneis
769 1653 1034 1711 aggregatis
1064 1651 1234 1698 nidum
1260 1647 1585 1706 cylindricum
1611 1646 1818 1714 petiolas

510 1734 615 1771 tum
639 1723 838 1770 conficit
869 1721 1021 1789 Vespa
1048 1723 1295 1787 rupestris.

307 1800 429 1857 soli-a
481 1799 634 1849 Rosae
677 1797 817 1865 plura
852 1802 1053 1848 materia
1091 1796 1335 1861 glutinosa
1374 1799 1529 1845 tenaci
1566 1799 1618 1844 in
1657 1796 1814 1853 cylin-

508 1871 653 1921 drum
689 1872 968 1933 coniungit,
1011 1887 1156 1935 quem
1192 1873 1371 1919 florum
1405 1870 1601 1916 nectare
1632 1868 1810 1917 melleo

505 1940 710 2008 implet,
759 1960 909 1990 ouum
946 1945 1163 2007 imponit
1198 1954 1244 1989 et
1286 1942 1529 1988 orificium
1567 1939 1695 1988 folio
1731 1959 1809 1989 ro«

505 2014 710 2063 tundato
736 2011 916 2061 claudit
949 2015 1063 2080 Apis
1093 2010 1464 2062 centuncularis.

298 2111 328 2145 e
383 2090 575 2160 polline
636 2093 818 2139 florum
882 2087 1077 2138 cellulas
1130 2089 1430 2160 prismatico-
1455 2086 1807 2155 hexangulares

501 2166 722 2220 struunt,
771 2157 1016 2227 melleque
1059 2180 1084 2210 e
1129 2163 1323 2210 nectare
1373 2162 1550 2208 flor-um
1594 2159 1807 2226 replent,

502 2253 603 2310 quo
632 2233 790 2283 laruas
814 2236 1074 2293 nutriunt,
1108 2237 1248 2299 Apes.

291 2317 426 2365 intra
447 2330 675 2362 aceruum
699 2329 724 2359 e
751 2310 1029 2378 quisquiliis
1042 2308 1275 2377 foliisque
1290 2309 1489 2358 acerosis
1509 2310 1805 2358 exstrueium

499 2402 596 2433 oua
619 2382 909 2432 conseruaut
928 2384 1190 2439 Formicae.

290 2480 381 2531 per
430 2472 591 2510 totum
638 2460 767 2512 diem
817 2461 962 2527 supra
1011 2456 1338 2507 mammalium
1389 2456 1586 2508 dorsum
1634 2459 1799 2507 haeret

496 2534 724 2591 Cestius,
771 2545 823 2580 vt
848 2537 981 2581 inte-1·
1005 2530 1132 2599 pilos
1160 2530 1292 2579 cadat
1325 2547 1493 2577 ouum.

288 2627 539 2679 equorum
563 2627 712 2662 anum
736 2608 938 2669 titillat,
978 2620 1031 2659 vt
1054 2626 1206 2657 ouum
1234 2611 1285 2655 in
1316 2608 1544 2660 intestino
1563 2607 1697 2654 reeto
1712 2623 1797 2672 po-

491 2695 575 2730 nat
596 2683 792 2731 Oestrus
822 2678 1283 2734 haemorihoidalis.

282 2762 338 2810 in
382 2759 515 2825 sacco
562 2757 657 2808 filis
704 2771 939 2810 contexto
989 2776 1083 2811 oua
1133 2755 1417 2814 circumfert
1464 2757 1653 2814 Aranea
1704 2754 1799 2804 sac0v

491 2843 605 2880 cata.

280 2910 415 2957 inter
437 2908 583 2974 pedes
612 2907 808 2974 spurios
832 2927 926 2959 oua
948 2920 1127 2970 gerunt
1159 2907 1325 2955 Astaci.

281 2987 417 3034 inter
442 2983 661 3034 valuulas
688 2985 957 3052 pectorales
988 3003 1080 3039 oua
1106 2984 1399 3034 conseruant
1434 2982 1613 3032 Onis'ci.

282 3063 493 3136 proprio
584 3080 796 3131 corpore
883 3080 979 3114 oua
1061 3060 1290 3119 obuoluit
1371 3063 1585 3111 moriens
1671 3062 1791 3111 Coc·

487 3150 586 3193 cus«

1434 3346 1481 3430 §.
1510 3368 1584 3407 12.
1625 3341 1783 3404 Edu-
