1893 3467
130 204 212 250 162
557 190 1361 245 X-OECONOMIA.

132 331 335 392 Larua
379 337 440 388 et
491 329 695 411 imago
746 325 975 408 saepius
1011 318 1403 386 diuerfiffimo
1439 324 1785 384 nutriuntur

301 413 623 483 alimentO,
665 411 927 494 ideoque
974 417 1152 474 etiam
1182 408 1525 472 sustentatio
1568 429 1784 471 eorum

302 494 704 561 diuersiffima.

134 610 494 676 Sustentatio
533 630 726 692 pupae
748 609 909 671 haud
933 614 997 671 in
1028 606 1572 672 confiderationem
1595 612 1788 685 venit,

300 718 491 779 quum
525 717 721 779 pupae
758 697 1076 778 pleraeque
1121 697 1290 758 nullo
1332 708 1577 757 vtantur
1600 699 1789 754 nutri-

300 796 532 845 mento
621 783 818 863 Agnis
862 803 1013 844 vero
1047 803 1239 864 pupae
1262 780 1610 842 sustentatio
1638 777 1791 839 sem-

303 889 416 951 per
431 890 572 930 cum
588 866 1019 931 sustentatione
1035 869 1232 929 laruae
1251 889 1410 929 conu
1420 873 1566 946 enit,
1598 886 1791 948 quum

305 960 750 1018 nutrimentum
781 976 982 1016 earum
1013 960 1271 1017 omnino
1300 953 1477 1014 idem.

134 1065 502 1214 Sustentaticl)
551 1074 831 1130 continet
882 1066 1350 1132 fundamentum
1412 1064 1789 1128 educationis

303 1169 366 1217 et
394 1173 469 1217 eu
496 1168 680 1220 turae.

907 1353 955 1439 ᾗ.
983 1378 1027 1429 3.

133 1478 495 1547 Sustentatio
549 1477 848 1545 laruarum
895 1489 1170 1567 inprimis
1210 1487 1414 1568 rapina
1449 1486 1791 1547 viuentium

302 1567 530 1654 saepius
565 1566 890 1654 singularis.

133 1664 369 1746 Laruae
407 1683 817 1766 phytiphagae
853 1682 925 1744 ad
952 1681 1440 1746 sustentationem
1472 1687 1793 1766 pauciores
1866 1695 1886 1714 “

299 1767 589 1831 adhibent
629 1774 1007 1831 variationesa
1094 1770 1510 1832 Excluduntur
1536 1774 1598 1828 in
1626 1769 1790 1850 plan-

301 1861 417 1935 tis,
463 1853 679 1936 quibus
707 1855 1016 1936 vietitant,
1062 1878 1208 1939 quas
1241 1877 1377 1917 raro
1403 1853 1704 1919 deserunt.

206 2000 298 2048 Per
336 1999 474 2064 paria
510 1990 784 2061 inaequalia
809 1996 953 2047 lineis
982 1998 1168 2064 semper
1198 1991 1361 2048 clausis
1383 2002 1595 2061 migrant
1624 1997 1792 2046 laruae

482 2068 741 2123 Bombycis
772 2070 1149 2134 proceffioneae.

205 2142 300 2192 Per
323 2137 474 2188 lineas
508 2137 759 2205 parallelas
787 2140 1114 2206 disponuntur
1138 2131 1381 2209 pascentes
1407 2140 1574 2192 laruae
1589 2141 1793 2200 Chryso-

483 2209 636 2260 melae
667 2210 948 2261 Vitellinae.

207 2282 305 2332 Sub
345 2285 566 2331 tentorio
602 2287 847 2332 communi
886 2302 910 2332 e
952 2284 1044 2334 filis
1082 2298 1314 2336 contexto
1343 2285 1600 2352 pascuntur
1627 2283 1791 2335 laruae

484 2354 741 2411 ssombycis
768 2357 1005 2405 neustriae
1035 2370 1080 2405 et
1104 2357 1360 2407 castrensis.

199 2426 416 2475 Nefflnre
465 2427 647 2543 filorum
685 2445 711 2475 a
745 2426 1041 2493 spadonibus
1063 2427 1271 2478 colleefi'to
1301 2432 1594 2478 nutriuntur
1630 2432 1793 2495 Apum

510 2514 667 2545 aruae.

137 2636 642 2784 Laruzebrapissal
659 2644 941 2704 viuentes
965 2640 1193 2727 saepius
1219 2639 1467 2707 artificia
1498 2648 1663 2708 varia
1689 2641 1793 2706 ad-

354 2744 370 2782 1
416 2745 516 2786 ere
584 2746 622 2787 o
648 2739 763 2788 ent.

208 2859 396 2907 Laruae
433 2858 605 2909 obesae
634 2858 1023 2913 Coccinellarum
1056 2878 1101 2914 et
1130 2864 1404 2916 Muscarum
1431 2866 1793 2933 Aphidiuorum

484 2934 616 2980 inter
634 2934 847 3000 Aphides
872 2936 1084 2985 exclusas
1107 2936 1206 2986 illis
1237 2941 1474 2988 vietitant.

208 3002 490 3051 Cui-uatum
517 3007 742 3070 corporis
767 3004 1022 3056 celerrime
1048 3008 1093 3057 se
1118 3007 1650 3072 mouentmaxillisque
1678 3015 1791 3072 ροῦ-

484 3076 625 3123 reEtis
688 3080 890 3126 arcuatis
944 3083 1143 3147 rapiunt
1190 3086 1373 3131 Laruae
1419 3079 1628 3137 Dytisci‚
1688 3081 1790 3133 Hy-

485 3145 723 3213 drophili.

213 3212 419 3273 Redibus
452 3220 624 3265 anticis
666 3216 934 3284 elongatis,
971 3225 1203 3290 raptoriis
1240 3222 1334 3275 alia
1370 3221 1550 3274 instita
1592 3222 1790 3288 capiunt

480 3290 690 3360 Mauris,
729 3293 884 3359 Nepa.

1551 3361 1786 3432 Repende
