1893 3467
170 198 259 255 ηε
531 186 1478 241 1X.ADvMssRAT10NEs.

174 328 595 408 Synonymon
631 328 928 405 optimum
967 335 1068 382 aut
1102 319 1366 381 auctoris
1389 326 1703 405 proprium
1729 337 1832 385 aut

150 408 157 416 “
344 412 490 472 alius
513 408 795 471 selectum
827 430 1045 492 agmen
1071 406 1265 467 ducat.

173 495 526 561 Sec-undum
567 510 805 576 tempus
839 507 1270 577 proponuntur
1302 490 1679 575 synonyma,
1729 496 1834 556 vel

347 581 772 644 descendendo
807 582 880 642 ab
919 577 1334 661 antiquissimis
1380 580 1450 641 ad
1489 602 1687 659 noua,
1732 582 1833 643 vel

345 666 722 730 ascendendo
749 689 781 728 a
805 672 984 728 nouis
1018 667 1090 727 ad
1117 664 1323 748 prisca.

172 758 600 839 'Synonymiae
636 753 917 830 ordinem
944 751 1389 835 systematicum
1416 759 1618 836 recepi
1645 750 1833 835 syno-

344 847 560 921 nymia
586 838 886 902 seleffiori
921 853 1261 901 contentus.
1346 840 1553 920 incepi
1577 861 1609 900 a
1630 845 1834 901 nomi·-

341 928 521 990 nibus
592 925 1114 1009 systematicorum
1191 924 1833 1008 praestantiffimorum

346 1012 547 1076 Linne
573 1063 590 1091 ‚
664 1012 1010 1093 Geoffmy,
1058 1011 1334 1074 defluens
1373 1017 1438 1075 in
1476 1010 1834 1095 synonyma

341 1100 947 1185 ichniographorum.

938 1306 987 1391 ᾗ.
1022 1325 1075 1382 7.

175 1455 547 1535 Synonyma
587 1445 815 1531 singula
846 1467 1076 1509 nouam
1111 1445 1429 1509 ordiantur
1464 1447 1719 1530 lineam,
1764 1462 1834 1512 vt

346 1560 423 1600 eo
457 1536 689 1599 facilius
724 1532 1173 1616 dignoscantur,

175 1625 428 1689 Plurimi
451 1627 730 1706 inprimis
754 1634 993 1684 veteres
1019 1619 1416 1701 Entomologi
1442 1625 1648 1681 omnia
1686 1618 1720 1680 s
1713 1643 1833 1701 yn-

345 1731 578 1793 onyma
635 1729 745 1792 per
802 1706 1018 1768 seriem
1078 1711 1500 1768 continuatam
1572 1712 1830 1770 recitare

340 1795 572 1875 solent,
616 1814 742 1876 quo
767 1791 999 1855 facilius
1025 1789 1554 1855 commisceantur.

177 1882 304 1947 Alii
338 1898 400 1946 et
434 1902 666 1944 nomen
706 1884 1064 1959 genericum
1100 1875 1388 1960 sequens,
1442 1874 1487 1937 fi
1532 1877 1696 1939 idem
1746 1875 1832 1941 est

345 1988 486 2032 cum
514 1964 946 2050 praecedente,
971 1964 1296 2026 excludere
1317 1961 1529 2025 solent.
1616 1965 1832 2029 Minus

342 2071 547 2139 tamen
582 2054 711 2114 talis
750 2050 1125 2112 abbreuiatio
1153 2050 1381 2132 placet,
1422 2071 1613 2134 quum
1641 2048 1830 2131 syno-

339 2145 621 2222 nymiam
646 2135 1148 2201 indistinctiorem
1177 2135 1403 2200 reddat.

938 2347 988 2433 §.
1018 2358 1069 2418 3.

175 2491 248 2558 In
283 2492 654 2575 synonymis
692 2490 904 2556 auctor
946 2505 1007 2554 et
1042 2494 1260 2575 pagina
1289 2487 1515 2573 vbique
1540 2488 1613 2553 ad
1640 2483 1830 2556 finem

340 2578 662 2642 indicanda
681 2578 834 2640 sunt.

174 2666 468 2732 Aucioris
503 2686 737 2727 nomen
762 2663 957 2726 solum
982 2662 1141 2725 haud
1164 2659 1405 2733 sufficit,
1451 2683 1636 2746 quum
1665 2662 1830 2726 idem

343 2753 556 2815 audior
576 2751 744 2835 plura
771 2749 1000 2833 saepius
1028 2749 1240 2832 scripta
1257 2750 1644 2829 euulgauerit.
1730 2751 1829 2812 ln·-

343 2839 616 2900 claruere
654 2844 831 2899 etiam
866 2836 1096 2921 saepius
1135 2836 1261 2898 duo
1295 2852 1396 2899 aut
1430 2837 1631 2918 plures
1669 2841 1829 2899 eius-

339 2925 480 2986 dem
518 2930 783 2986 nominis
805 2925 1114 3001 audioreS,
1153 2936 1253 2984 aut
1275 2920 1518 3004 pofl‘unt
1542 2928 1603 2983 in
1627 2920 1827 3003 poste-

340 3029 479 3072 rum
517 3010 760 3092 prodire
791 3007 1288 3086 inclarescentes,
1334 3030 1459 3090 quo
1488 3014 1689 3069 citatio
1716 3008 1827 3070 ob-

342 3095 549 3173 scura,
587 3094 766 3157 fallax
792 3111 851 3156 et
874 3102 1103 3157 incerta
1131 3094 1345 3156 euadit.

174 3175 351 3264 Opus
403 3181 595 3244 solum
642 3202 756 3263 pro
802 3187 1092 3244 citatione
1132 3180 1292 3241 haud
1330 3177 1579 3258 sufficit,
1632 3191 1825 3259 quum

342 3268 513 3351 plura
535 3273 656 3330 iam
690 3267 1010 3352 prodiere,
1054 3281 1155 3330 aut
1177 3265 1510 3352 prodibunt
1540 3270 1607 3328 in
1663 3260 1828 3326 oste-

374 3384 377 3387 ’
1683 3367 1823 3414 mm
