1893 3467
300 515 438 603 VI.
529 506 1683 597 DISPOSITIO.

963 726 1007 740 «ἢ.

929 909 978 997 §.
1008 935 1047 974 1.

164 942 711 1104 Fundamentum
738 1040 1191 1122 entomologiae
1216 1038 1438 1123 duplex
1453 1035 1568 1120 est,
1596 1036 1812 1122 Dispo-

337 1122 468 1188 sitio
497 1141 555 1188 et
581 1130 1036 1191 DenominatiO.

161 1209 487 1299 Dispositio
537 1212 907 1275 infestorum
953 1211 1284 1273 seeundum
1330 1233 1475 1273 vera
1526 1209 1812 1272 scientiae

331 1305 628 1383 principia
673 1299 1132 1360 fundamentum
1175 1297 1418 1381 praebet
1455 1296 1812 1359 denomina-

334 1392 532 1446 tionis.
619 1386 1104 1447 Fundamentum
1139 1384 1262 1446 hoc
1289 1379 1334 1445 si
1359 1383 1592 1446 vacillat
1613 1396 1811 1445 totum

333 1469 575 1531 tandem
600 1477 723 1533 ruit
750 1467 1103 1532 aedificium.

162 1557 427 1622 Cardine
465 1558 586 1619 hoe
620 1557 843 1640 duplici
871 1570 996 1618 tota
1023 1560 1232 1618 nititur
1256 1553 1499 1616 seientia
1524 1568 1810 1617 entomo-

324 1645 556 1724 logi<333
600 1650 702 1726 qui
731 1665 877 1728 ergo
906 1645 1021 1706 hos
1047 1649 1157 1704 rite
1184 1641 1585 1727 perspexerit,
1626 1661 1810 1705 verus

328 1728 414 1793 est
445 1730 919 1814 Entomologus,
960 1732 1107 1792 alius
1133 1749 1281 1792 non.

924 1900 973 1988 ς.
999 1927 1044 1964 2.

160 2029 486 2117 Dispositio
528 2030 896 2112 inse-{torum
939 2026 1080 2093 sistit
1125 2026 1451 2094 diuifiones
1492 2024 1615 2091 siue
1663 2046 1807 2090 cone

326 2120 671 2182 iunfflones
708 2140 954 2199 eorum,
1017 2133 1074 2180 et
1106 2117 1190 2180 est
1228 2108 1577 2194 artificialis,
1655 2135 1808 2196 quae

326 2203 527 2277 claffes
555 2220 614 2267 et
637 2205 913 2286 ordines,
942 2206 1040 2266 vel
1061 2206 1339 2268 naturalis
1350 2253 1369 2284 ,
1396 2223 1547 2285 quae
1561 2219 1810 2282 genera,

323 2292 552 2376 species
582 2307 642 2354 et
664 2298 982 2356 varietates
1008 2292 1205 2354 docet.

157 2380 419 2441 Scientia
466 2380 924 2461 entomologiea
973 2384 1038 2440 in
1070 2374 1448 2439 incunabulis
1488 2373 1685 2435 adhuc
1717 2384 1807 2434 te-

319 2476 466 2527 nera
500 2471 680 2537 iacet,
728 2485 916 2569 quugn
955 2460 1257 2548 dispositio
1294 2456 1616 2524 artificialis
1643 2480 1807 2521 non-

324 2551 469 2613 dum
492 2558 605 2613 rite
634 2552 939 2612 elaborata
963 2546 1047 2613 fit.

156 2635 302 2701 Duo
355 2651 588 2700 tantum
634 2637 924 2699 habemus
986 2636 1434 2716 entomologiae
1468 2629 1805 2714 systemata,

328 2746 481 2807 quae
528 2722 922 2785 fundamento
975 2721 1241 2805 quodam
1287 2725 1560 2802 quamuis
1617 2718 1806 2777 'vacil-

322 2812 470 2872 lanti
525 2806 896 2873 inaedificata
943 2807 1109 2890 sunt,
1171 2828 1393 2889 nempe
1440 2807 1695 2866 Linnaei
1743 2815 1806 2864 et

327 2895 732 2979 Geoffroyei‚
787 2917 1052 2977 quorum
1104 2897 1253 2958 alter
1300 2897 1480 2954 nimis
1528 2902 1803 2951 naturam

322 2980 583 3062 sequens
622 2982 849 3064 saepius
884 2979 1075 3042 amisit
1112 2979 1397 3062 systema,
1457 2977 1605 3036 alter
1647 2994 1803 3035 vero

319 3065 622 3146 systemati
659 3075 837 3130 nimis
876 3068 1111 3130 deditus
1144 3082 1392 3129 naturae
1429 3068 1553 3124 vim
1579 3060 1802 3138 intulit,

319 3172 546 3234 genera
580 3155 995 3240 multiplicauit
1029 3169 1090 3218 et
1133 3147 1572 3218 charadieribus
1605 3146 1804 3207 dubiis

321 3237 607 3304 distinxit.

1433 3313 1482 3405 §.
1516 3337 1562 3395 3.
1600 3315 1799 3403 Syste-
