1893 3467
209 958 217 1028 ss
354 948 445 1013 sus
510 947 879 1014 infestorum
943 954 1220 1032 quamuis
1270 956 1666 1015 minimorum
1715 952 1851 1015 sane

363 1057 633 1119 magnus,
721 1036 1072 1101 Diuidimus
1116 1043 1183 1098 in
1229 1039 1576 1122 generalem
1627 1054 1687 1101 et
1723 1038 1849 1123 spe-

363 1126 594 1186 cialem.

196 1225 452 1309 Absque
503 1224 607 1287 vsu
659 1225 755 1305 nil*
779 1245 811 1286 a
845 1222 1141 1288 Creatore
1173 1221 1597 1307 sapientiffirno
1636 1223 1847 1287 eonfe-

321 1379 323 1381 .
373 1313 534 1387 dium
564 1309 712 1390 effe,
752 1316 884 1371 iure
914 1315 1259 1392 meritoque
1282 1311 1727 1374 contendimus.

198 1411 349 1478 Vsus
382 1412 465 1475 est
489 1413 736 1473 Vltimus
763 1408 1042 1472 scientiae
1068 1406 1220 1473 finis.
1303 1410 1559 1474 Praestat
1592 1410 1849 1473 inseeto-

361 1520 499 1561 rum
539 1498 834 1580 generalis
867 1502 931 1559 in
975 1496 1438 1583 Philosophicis,
1479 1497 1748 1584 specialis
1784 1502 1848 1558 in

365 1583 824 1650 Oeconomicis.

953 1768 1003 1855 ς.
1047 1795 1091 1834 2.

194 1898 346 1964 Vsus
392 1896 763 1963 infestorum
816 1900 1150 1985 generalis,
1227 1918 1406 1979 quem
1459 1902 1526 1958 in
1572 1917 1845 1960 oecono-

358 1991 481 2047 mia
531 1985 791 2045 Naturae
846 1982 1164 2046 Vniuersali
1213 1984 1436 2061 edunt,
1482 1980 1748 2045 consistit
1782 1988 1844 2044 in

360 2068 830 2133 conseruatione
872 2086 932 2132 et
966 2070 1462 2151 multiplicatione
1487 2067 1739 2151 speciei,
1782 2073 1847 2130 in

365 2153 709 2218 auferendis
757 2156 1037 2238 putridis,
1119 2154 1444 2237 languidis,
1513 2162 1577 2217 in
1628 2155 1846 2217 deton-

363 2242 577 2304 dendis
623 2250 948 2322 quotannis
1001 2240 1464 2321 vegetabilibus,
1514 2246 1579 2302 in
1621 2243 1843 2303 humo-

364 2329 530 2390 ribus
574 2331 917 2389 animalium
946 2326 1258 2410 superfluis
1289 2327 1593 2407 sugendis,
1636 2334 1701 2388 in
1726 2325 1845 2387 ser-

362 2415 568 2476 vando
611 2415 967 2495 aequilibrio
1010 2420 1170 2475 inter
1202 2415 1547 2474 animalium
1577 2427 1634 2473 et
1663 2434 1844 2495 vege-

358 2500 626 2564 tabilium
672 2499 896 2583 species
950 2513 1009 2562 et
1055 2499 1299 2561 tandem
1337 2499 1463 2562 aliis
1494 2505 1559 2562 in
1595 2500 1842 2562 alimen-

357 2601 489 2649 tum
521 2585 812 2649 cedendo.
1288 2618 1299 2622 -

191 2689 419 2753 Natura
455 2700 585 2749 tota
621 2684 991 2749 discordibus
1028 2683 1288 2748 constat:
1342 2685 1629 2767 quidquid
1674 2687 1840 2748 alteri

358 2781 542 2857 perit,
571 2778 634 2833 in
661 2771 916 2833 alterum
947 2769 1184 2852 transit,
1217 2793 1295 2834 ne
1316 2773 1457 2854 quid
1471 2770 1841 2856 superfluum

361 2857 464 2938 sit,
508 2859 609 2922 vbi
637 2860 720 2921 nil
750 2857 929 2921 deest.

189 2960 586 3032 Discordibus
652 2957 844 3039 hisce,
912 2960 1070 3022 bello
1122 2960 1243 3020 hoc
1300 2963 1577 3021 omnium
1625 2968 1840 3019 contra

361 3067 609 3125 omnes,
649 3059 977 3107 renouatur
1036 3050 1360 3125 quotannis
1395 3057 1637 3104 naturae
1675 3044 1840 3103 thea-

360 3146 525 3195 trum
591 3145 648 3193 et
716 3130 1111 3195 conseruatur
1178 3136 1343 3193 nitor
1411 3128 1574 3192 aulae
1630 3126 1840 3212 sempi-

273 3298 275 3305 ,
356 3230 578 3310 ternus..

427 3336 431 3342 ·
454 3314 455 3321 ’
486 3324 488 3327 ’
1613 3298 1838 3361 Nititur
