1893 3467
152 219 232 266 134
508 182 1473 256 1x.ADVMssRATtoNEs.

146 340 342 405 Larua
390 357 671 422 pupaque
724 356 862 399 raro
898 340 964 397 in
1000 333 1217 398 museis
1255 350 1628 405 occurrunt,
1673 358 1812 401 raro

315 422 535 485 seruari
581 419 825 504 poss'unt
860 443 937 484 eo
977 429 1166 502 magis
1208 421 1348 487 ideo
1385 424 1666 487 iconibus
1708 424 1812 488 de-

317 510 662 592 pingendae
682 559 700 589 ,
748 507 1226 590 cognoscendae.

145 640 483 707 Iconographi
520 638 634 687 ideo
673 638 1063 703 praestantiffimi
1104 641 1250 688 etiam
1291 642 1342 688 in
1375 642 1639 706 Europaeis
1667 651 1811 692 meta-

425 711 694 779 morphofii
725 713 800 760 vti
822 709 1043 771 Roeffel,
1082 713 1272 762 Merian
1290 751 1304 778 ,
1343 715 1466 778 Sepp
1495 710 1698 779 aliique.

897 851 949 938 ς.
978 877 1065 917 20.

142 986 314 1050 Loca
358 983 573 1047 natalia
620 983 1159 1065 comprehendunt
1200 980 1571 1047 inseetorum
1608 985 1805 1066 clima,

309 1076 629 1153 regionem
658 1084 717 1130 et
743 1068 1193 1133 habitationem,

139 1159 311 1225 Loca
348 1157 563 1219 natalia
595 1153 726 1219 vsui
757 1154 891 1217 sunt
929 1157 1394 1240 EntomologiS,
1441 1171 1508 1219 vt
1546 1154 1803 1237 constet,

308 1244 473 1306 vnde
531 1241 902 1305 inseetormn
957 1241 1187 1325 species
1245 1240 1647 1306 desumendae
1688 1265 1802 1329 pro

309 1329 529 1392 museis
547 1378 563 1400 ,
605 1329 939 1403 medicina,
980 1334 1362 1391 oeconomia.

135 1415 334 1500 Regio
390 1414 571 1478 tradit
612 1433 831 1494 regna,
886 1421 1269 1498 prouincias,
1321 1436 1509 1498 pagos
1555 1427 1614 1476 et
1665 1416 1803 1479 loca

307 1510 491 1565 etiam
516 1499 954 1585 specialiffima',
997 1525 1077 1564 ne
1107 1502 1328 1564 inseeta
1351 1500 1682 1564 diffitarum
1705 1523 1803 1566 re·

305 1595 563 1669 gionum
596 1594 662 1649 in
684 1609 808 1649 vna
835 1588 1164 1671 eademque
1192 1594 1588 1669 inquirantur.

133 1677 374 1741 faunae
413 1675 699 1759 speciales
723 1680 903 1738 vnius
929 1680 1222 1759 cuiusque
1245 1679 1514 1755 regionis
1539 1675 1706 1736 hunc
1731 1680 1798 1738 in

306 1759 495 1824 finem
518 1758 834 1843 praestant.

132 1847 335 1916 Clima
373 1848 600 1910 indicat
641 1847 861 1910 caloris
896 1861 997 1908 aut
1035 1845 1279 1926 frigoris
1310 1845 1599 1928 gradum,
1641 1851 1800 1908 intra

303 1955 486 2018 quem
532 1939 752 1996 viuum
783 1930 1020 1995 inseua.
1106 1932 1452 1994 Diuidimus
1491 1931 1690 1995 Clima
1729 1937 1797 1992 in

301 2021 447 2083 odio
482 2036 713 2100 partes,
760 2040 794 2080 e
843 2020 1060 2101 quibus
1094 2018 1464 2083 inseetorun]
1507 2016 1798 2081 stationes

300 2104 726 2168 diiudicantur.

203 2253 242 2291 1·
284 2235 534 2300 indicum,
587 2238 810 2286 continet
859 2236 1090 2299 regiones
1134 2237 1266 2286 inter
1309 2239 1529 2303 tropicos
1577 2239 1631 2284 in
1674 2235 1796 2293 Afia,

478 2307 644 2357 Africa
692 2322 738 2358 et
786 2312 1039 2367 America,
1088 2309 1173 2357 vbi
1210 2307 1345 2357 nulla
1380 2311 1546 2364 hyems
1584 2307 1792 2365 infestat,

476 2381 565 2429 nisi
600 2381 652 2429 fit
680 2380 848 2443 pluuia
870 2381 1121 2429 interdum
1139 2381 1485 2443 dimidiianni‚
1523 2396 1648 2444 aqua
1663 2377 1793 2426 haud

475 2449 767 2513 congelatur
803 2465 849 2501 et
890 2455 992 2501 oris
1032 2450 1210 2500 halitus
1243 2470 1344 2500 non
1375 2451 1583 2500 videtur.
1656 2454 1790 2499 Sum-

472 2541 582 2574 mus
620 2522 791 2573 caloris
828 2524 1004 2584 gradus
1036 2540 1091 2583 34
1119 2536 1165 2572 et
1191 2524 1395 2585 frigoris
1419 2533 1472 2577 28
1500 2521 1642 2588 supra
1667 2538 1789 2589 pun-

476 2596 609 2644 &um
637 2595 1012 2656 congel-ationis,

195 2683 239 2720 2.
276 2668 668 2736 aegyptiacum,
706 2667 1016 2734 praecedenti
1059 2668 1344 2731 proximum
1380 2677 1426 2715 et
1466 2668 1552 2714 vix
1580 2663 1687 2714 satis
1716 2665 1793 2713 di·-

474 2741 717 2787 stine'tum.
793 2743 882 2788 Per
932 2738 1186 2786 dimidium
1231 2756 1416 2787 annum
1461 2739 1604 2786 durat
1648 2735 1788 2786 calor

469 2809 718 2877 intensus,
768 2822 822 2860 vt
863 2828 960 2859 oua
1000 2812 1301 2860 Struthionis
1338 2813 1391 2862 in
1431 2813 1589 2858 Arena
1620 2807 1787 2857 exclu-

471 2881 680 2941 dantur,
717 2899 806 2949 per
841 2881 1051 2931 alterum
1090 2882 1350 2932 dimidium
1376 2900 1557 2933 annum
1584 2878 1783 2948 pluuiae

472 2966 555 3003 aut
578 2953 820 3004 diluuium
847 2952 973 3003 Nili.

193 3038 231 3084 30
270 3023 517 3096 australe,
565 3027 623 3074 ab
657 3029 920 3091 Aethiopia
957 3025 1018 3074 ad
1056 3029 1176 3091 Cap.‚
1210 3028 1333 3075 Bon.
1370 3028 1446 3091 Sp.
1481 3021 1778 3073 extenditur.

466 3102 564 3146 Aer
589 3099 655 3145 est
680 3111 975 3163 temperatus
1003 3099 1133 3145 inter
1158 3108 1351 3151 ιιι-[8
1380 3096 1522 3161 supra
1539 3095 1780 3162 punGtum

469 3167 844 3229 congelationis.
921 3172 1031 3217 Huc
1079 3171 1224 3216 etiam
1267 3179 1554 3219 numeratur
1589 3167 1780 3220 Ameri-

469 3257 548 3290 cae
576 3240 794 3289 australis
820 3257 956 3306 pars,
997 3238 1225 3303 Brasilia,
1263 3241 1498 3299 Peruuia,
1540 3255 1662 3309 quae
1695 3254 1776 3286 eo-

471 3310 580 3365 dem
609 3310 785 3362 caloris
815 3311 966 3380 gradu
990 3311 1240 3366 fruuntur.

1537 3400 1586 3447 4.
1622 3378 1776 3436 medi-
