1893 3467
197 156 259 201 80
604 142 1453 193 VLDISPOSITIO.

265 274 548 328 Coccinella
585 274 872 341 bipuncstata
911 285 968 323 et-
1001 271 1436 341 quadripustulata,

264 346 582 408 Chrysomela
606 345 719 396 Alni
743 357 788 395 et
814 344 1022 396 Betulae.

962 515 1015 594 §-
1044 532 1087 589 5·

198 656 522 717 varietates
560 662 653 713 tot
687 647 976 729 dicimus,
1022 665 1176 731 quot
1220 646 1561 711 differentia
1594 669 1669 710 ex
1695 653 1854 714 eius--

365 737 505 798 dem
528 734 745 819 speciei
771 743 905 799 ouis
935 737 1356 820 producuntur
1378 735 1613 799 inseeta.

198 825 559 890 Differentia
601 823 774 885 sexus
813 829 1024 901 maris,
1069 821 1330 884 feminae
1361 840 1420 886 et
1446 827 1647 886 neutri
1672 827 1855 887 Vnica

369 909 450 973 est
474 912 759 972 naturaiis
791 925 850 972 et
875 909 1156 971 constans
1188 916 1460 971 varietas.

196 998 485 1081 Reliquae
543 1002 1096 1059 ornnes'oriuntur
1155 1016 1187 1055 a
1244 993 1433 1058 caussa
1478 995 1855 1076 accidentali,

370 1106 519 1168 quae
567 1080 610 1145 fi
647 1098 943 1164 mutatur,
996 1080 1307 1144 reducitur
1347 1090 1600 1146 varietas
1633 1089 1856 1145 iterum

368 1170 437 1232 ad
463 1169 736 1253 speciem.

200 1262 529 1323 Varietates
556 1253 873 1318 lenissimas
900 1259 1008 1318 vix
1031 1268 1201 1315 curat
1227 1255 1708 1336 EntomologuS,
1744 1251 1857 1319 nisi

363 1340 477 1405 sint
508 1342 713 1419 sexus,
756 1363 907 1421 quae
933 1339 1169 1421 semper
1196 1347 1477 1402 annotari
1497 1355 1825 1403 merentur.

200 1433 532 1495 Varietates
585 1428 892 1508 fiagelium
940 1424 1075 1487 sunt
1126 1423 1442 1505 scientiae,
1510 1424 1854 1490 difficillime

365 1523 528 1578 enim
592 1514 1054 1584 determinatur,
1099 1512 1238 1593 quid
1290 1509 1358 1577 fit
1403 1512 1662 1596 species,
1711 1513 1854 1596 quid

367 1608 657 1684 varietaS,
704 1622 893 1684 quum
919 1600 1152 1662 cultura
1176 1597 1545 1662 inseftorum
1577 1608 1782 1663 rarior.

968 1789 1019 1867 ς.
1046 1793 1096 1848 6.

200 1925 449 1990 Genera
472 1936 567 1988 tot
591 1922 759 2003 sunt,
805 1938 956 2006 quot
981 1919 1246 1986 similiter
1271 1919 1855 1986 construetainstru-

366 2025 570 2073 menta
613 2011 832 2073 cibaria
861 2010 1180 2094 proferunt
1203 2008 1470 2073 diuersa-e
1497 2009 1721 2095 species
1749 2033 1854 2074 na-

371 2099 604 2160 turales.

200 2186 268 2248 In
318 2182 740 2248 construendis
789 2180 1113 2262 generibus
1149 2181 1386 2246 habitus
1421 2195 1481 2244 et
1520 2199 1851 2245 metamor-

364 2267 567 2356 phofis
608 2269 851 2332 occulte
886 2266 1290 2349 consulenda,
1333 2291 1410 2330 ne
1436 2267 1853 2352 distinguenda

373 2358 834 2427 combinentur,
877 2354 1277 2417 combinanda
1306 2353 1763 2435 distingauntur.

135 2446 141 2451 ’
201 2442 449 2507 Genera
486 2445 772 2505 naturalia
817 2441 1054 2502 abunde
1086 2439 1498 2503 demonstrant
1527 2439 1852 2504 Curculio-

365 2552 506 2609 nes,
529 2529 869 2605 Scarabaei‚
896 2527 1262 2610 Papiliones‚
1299 2529 1625 2611 Sphinges‚
1667 2528 1849 2592 Bom-

365 2616 552 2700 byces
579 2630 639 2678 et
662 2616 772 2676 alia
800 2612 927 2675 fere
952 2618 1285 2676 innumera.

201 2700 564 2766 Cauendum
612 2715 852 2779 tamen,
908 2722 986 2762 ne
1026 2706 1206 2763 nimis
1241 2698 1536 2762 imitando
1575 2711 1848 2764 naturam

366 2787 695 2873 systematis
718 2793 1059 2852 amittamus
1085 2783 1257 2850 filum
1279 2785 1649 2850 ariadneum.

960 2969 1010 3056 ᾗ.
1039 2990 1093 3048 7.

204 3107 412 3173 Claffis
449 3107 534 3174 est
571 3130 861 3192 generum
886 3110 1143 3193 plurium
1170 3114 1607 3175 conuenientia
1634 3105 1855 3172 secun-1

363 3196 506 3264 dum
534 3198 700 3280 leges
728 3202 868 3262 artis
896 3209 955 3260 et
984 3194 1334 3278 systematis,

1588 3304 1846 3370 Natura-
