1893 3467
178 209 267 279 144
560 212 1455 281 v111.DIFFERENT1Ag‚.

455 347 736 396 scarabaeus
775 363 970 412 paruus.

709 448 728 457 -
765 421 1009 470 minimus,
1080 420 1250 471 Lister.

905 552 1071 677 §.s-

173 727 375 795 Notae
400 725 720 789 collatitiae
744 747 891 790 cum
919 729 1044 791 aliis
1067 727 1377 811 speciebus
1409 726 1626 793 diuersi
1647 753 1834 816 gene-

344 819 424 876 ris
450 820 515 875 in
545 814 888 878 differentia
918 815 1251 878 euitandae.

172 901 537 966 Differentia
559 898 852 963 infectum
867 915 1103 964 tantum
1117 922 1149 963 a
1166 901 1614 985 congeneribus
1630 900 1834 964 distin-

346 995 511 1068 guit,
550 987 857 1051 character
892 1009 1046 1051 vero
1089 988 1161 1050 ab
1190 987 1428 1051 insectis
1454 990 1833 1073 reliquorum

343 1094 661 1155 generum.
1063 1151 1066 1153 ‚

170 1159 362 1242 Tyro
370 1161 544 1222 nibus
557 1157 848 1220 inseruire
865 1156 1173 1221 studemus
1187 1209 1205 1240 ,
1232 1157 1495 1242 ideoque
1508 1162 1732 1222 nullam
1745 1160 1838 1222 inl

343 1246 649 1309 seclorum
676 1251 957 1306 notitiam
981 1245 1465 1328 praesupponere
1487 1248 1781 1309 valemus.

169 1334 570 1398 Differentiae
617 1330 758 1393 ideo
813 1351 1032 1394 omnes
1079 1333 1268 1392 malae
1285 1379 1303 1410 ,
1361 1352 1513 1412 quae
1551 1337 1834 1397 notitiam

342 1422 601 1480 aliorum
627 1415 998 1479 insectorum
1026 1413 1394 1502 supponunt.

195 1571 197 1573 ’
246 1557 461 1607 Carabus
495 1552 765 1603 metallicus
792 1555 992 1603 thorace
1015 1552 1250 1603 lateribus
1277 1557 1655 1606 conniuentibus
1682 1560 1753 1607 vti
1777 1560 1832 1607 in

520 1627 807 1677 scarabaeis.
883 1630 1023 1691 Scop.

242 1701 506 1754 Tenebrio
571 1697 780 1748 molitor
837 1699 1016 1747 Carabi
1057 1699 1271 1746 minoris
1323 1699 1500 1750 statura
1549 1713 1596 1750 et
1643 1702 1831 1751 habitu.

524 1774 667 1836 Scop.
1660 1820 1674 1824 -

244 1843 466 1901 Dytiscus
492 1844 723 1891 minimus
748 1844 922 1890 statura
950 1839 1300 1897 Chrysomelae
1324 1859 1600 1896 nemorum.
1672 1848 1813 1910 Scop.

243 1919 447 1983 Conops
473 1914 725 1963 calcitrans
743 1912 934 1967 Muscae
961 1913 1248 1964 domesticae
1271 1912 1436 1963 similis
1459 1927 1510 1963 vt
1535 1932 1689 1965 ouum
1713 1935 1831 1967 ouo„

520 1989 658 2055 Scop.

945 2167 996 2245 ς.
1022 2172 1073 2226 6.

171 2300 371 2366 Notae
407 2301 727 2363 collatitiae
763 2318 907 2359 cum
940 2299 1069 2361 aliis
1094 2297 1407 2383 speciebus
1433 2301 1701 2364 eiusdem
1726 2323 1838 2387 ge·-

342 2393 504 2450 neris
532 2388 720 2447 malae
748 2383 902 2446 sunt.

169 2471 472 2541 Noscatur
508 2471 800 2534 infectum
839 2493 872 2532 e
905 2470 1249 2532 differentia·
1285 2483 1345 2533 ct
1378 2470 1714 2536 differentia
1752 2496 1829 2537 ex

340 2557 606 2637 infecto,
662 2569 987 2638 Vtrumque
1032 2577 1191 2618 vero
1239 2577 1317 2618 ex
1355 2567 1619 2642 propriis
1664 2568 1836 2624 notis.

335 2652 403 2707 in
440 2646 535 2706 illa
564 2644 828 2726 scriptis,
863 2650 928 2703 in
962 2643 1085 2705 hoc
1125 2643 1453 2708 delineatis.
1543 2643 1836 2714 Tertium

335 2732 509 2795 nullo
534 2729 727 2793 modo
753 2729 1212 2792 admittendum.

170 2816 448 2898 Magistri
486 2816 571 2879 est
605 2815 875 2880 condere
912 2813 1346 2897 differentiam,
1388 2822 1626 2902 tyronis
1655 2839 1732 2881 ex
1759 2839 1830 2882 ea

339 2902 595 2967 noscere
625 2901 934 2965 infectum.

168 2986 459 3070 Reliquae
492 2988 719 3074 species
745 2987 1016 3051 eiusdem
1040 2993 1281 3070 generis
1314 3011 1445 3054 non
1467 2988 1701 3075 semper
1725 2990 1827 3054 ad-

343 3073 512 3146 sunt,
561 3089 629 3137 vt
652 3088 1101 3157 comparentur.

169 3160 480 3222 Erroneae
504 3160 646 3224 ideo
671 3181 889 3223 omnes
919 3159 1057 3224 sunt
1088 3159 1462 3228 differentiae
1486 3172 1663 3227 notas
1696 3161 1826 3224 col-

332 3247 543 3312 latitias
577 3253 987 3311 continentes.

1558 3393 1826 3447 Dermestes
